03300000         291340117000170003322710087003012800227100000130659325 ADMINISTRADORA GAUCHA DE SHOPPSANTANDER BANESPA                       20604201704452100002608206250                                                                     
03300011E0440033 291340117000170003322710087003012800227100000130659325 ADMINISTRADORA GAUCHA DE SHOPP                                        04042017000000000000007563DFBRL00027                                                              
0330001300009E   291340117000170003322710087003012800227100000130659325 ADMINISTRADORA GAUCHA DE SHOPP      CDS00                    N0504201705042017000000000000001210D1052609TAR EXT CONC             870314                                 
0330001300010E   291340117000170003322710087003012800227100000130659325 ADMINISTRADORA GAUCHA DE SHOPP      CDS00                    N0504201705042017000000000000001210D1052609TAR EXT CONC             870357                                 
0330001300011E   291340117000170003322710087003012800227100000130659325 ADMINISTRADORA GAUCHA DE SHOPP      CDS00                    N0504201705042017000000000000001210D1052609TAR EXT CONC             871280                                 
03300015         291340117000170003322710087003012800227100000130659325                 00000000000000000000000000000000000000000000000000000005042017000000000000011193DP000005000000000000003630000000000000000000                            
03399999         000001000007000001                                                                                                                                                                                                             
